%% This BibTeX bibliography file was created using BibDesk.
%% https://bibdesk.sourceforge.io/

%% Created for Jaekwang Kim at 2020-10-01 14:58:58 -0500 


%% Saved with string encoding Unicode (UTF-8) 



@article{JKim:2020,
	Author = {J. Kim and M. Jacobs and N. C. Admal},
	Date-Added = {2020-10-01 14:09:53 -0500},
	Date-Modified = {2020-10-01 14:58:56 -0500},
	Journal = {In Preparation},
	Title = {A crystal-symmetry-invariant KWC grain boundary model and its simulation},
	Year = {2020}}

@article{Olmsted:2009,
	Author = {D. L. Olmsted and S. M. Foiles and E. A Holm},
	Date-Added = {2020-09-10 23:33:33 -0500},
	Date-Modified = {2020-09-10 23:34:32 -0500},
	Doi = {10.1016/j.actamat.2009.04.007},
	Journal = {Acta Materialla},
	Number = {13},
	Pages = {3694--3703},
	Title = {Survey of computed grain boundary properties in face-centered cubic metals: I. Grain boundary energy},
	Volume = {57},
	Year = {2009},
	Bdsk-Url-1 = {https://doi.org/10.1016/j.actamat.2009.04.007}}

@article{Kim:2014,
	Author = {H.-K Kim and S. G. Kim and W. Dong and I. Steinbach and B.-J. Lee},
	Date-Added = {2020-09-10 23:30:59 -0500},
	Date-Modified = {2020-09-10 23:32:10 -0500},
	Journal = {Modelling and Simulation in Materials Science and Engineering},
	Number = {3},
	Pages = {034004},
	Title = {Phase-field modeling for 3D grain growth based on a grain boundary energy database},
	Volume = {22},
	Year = {2014}}

@article{Bulatov:2013,
	Author = {V. V. Bulatov and B. W. Reed and M. Kumar},
	Date-Added = {2020-09-10 23:27:06 -0500},
	Date-Modified = {2020-09-10 23:30:30 -0500},
	Doi = {https://arxiv.org/abs/1305.1282},
	Journal = {arXiv: Material Science},
	Title = {Anisotropy of Interfacial Energy in Five Dimensions},
	Year = {2013},
	Bdsk-Url-1 = {https://arxiv.org/abs/1305.1282}}

@article{Alicandro,
	Author = {R. Alicandro and A. Braides and J. M. Shah},
	Date-Added = {2020-09-05 17:33:34 -0500},
	Date-Modified = {2020-09-05 17:35:43 -0500},
	Doi = {10.4171/IFB/2},
	Journal = {Interface and Free Boundaries},
	Pages = {17--37},
	Title = {Free-discontinuity problems via functionals involving the L1-norm of the gradient and their approximations},
	Volume = {1},
	Year = {1999},
	Bdsk-Url-1 = {https://doi.org/10.4171/IFB/2}}

@article{DiffuseInterface,
	Author = {A. M. Jokisaari and P. W. Voorhees and J. E. Guyer and J. Warren and O. G. Heinonen},
	Date-Added = {2020-09-04 14:25:35 -0500},
	Date-Modified = {2020-09-04 14:27:20 -0500},
	Doi = {10.1016/j.commatsci.2016.09.022},
	Journal = {Computational Materials Science},
	Pages = {139--151},
	Title = {Benchmark Problems for Numerical Implementations of Phase Field Models},
	Volume = {126},
	Year = {2017},
	Bdsk-Url-1 = {https://doi.org/10.1016/j.commatsci.2016.09.022}}

@article{LevelSet2,
	Author = {J. Fausty and N. Bozzolo and D. P. Munoz and M. Bernacki},
	Date-Added = {2020-09-04 09:04:38 -0500},
	Date-Modified = {2020-09-04 09:09:40 -0500},
	Doi = {https://doi.org/10.1016/j.matdes.2018.09.050},
	Journal = {Materials \& Design},
	Pages = {578--590},
	Title = {A novel level-set finite element formulation for grain growth with heterogeneous grain boundary energies},
	Volume = {160},
	Year = {2018},
	Bdsk-Url-1 = {https://doi.org/10.1016/j.matdes.2018.09.050}}

@article{LevelSet1,
	Author = {H.-K. Zhao and T. Chan and B. Merriman and S. Osher},
	Date-Added = {2020-09-04 09:03:35 -0500},
	Date-Modified = {2020-09-04 09:04:32 -0500},
	Doi = {https://doi.org/10.1006/jcph.1996.0167},
	Journal = {Journal of Computational Physics},
	Pages = {179--195},
	Title = {A Variational Level Set Approach to Multiphase Motion},
	Volume = {127},
	Year = {1996},
	Bdsk-Url-1 = {https://doi.org/10.1006/jcph.1996.0167}}

@article{Kinderlehrer2006,
	Author = {D. Kinderlehrer and I. Livshits and S. Ta'asan},
	Date-Added = {2020-09-04 08:54:22 -0500},
	Date-Modified = {2020-09-04 08:57:32 -0500},
	Doi = {10.1137/030601971},
	Journal = {SIAM Journal on Scientific Computing},
	Pages = {1694--1715},
	Title = {A Variational Approach to Modeling and Simulation of Grain Growth},
	Volume = {28},
	Year = {2006},
	Bdsk-Url-1 = {https://doi.org/10.1137/030601971}}

@article{Kinderlehrer2004,
	Author = {D. Kinderlehrer and J. H. Lee and I. Livshits and A. D. Rollett and S. Ta'asan},
	Date-Added = {2020-09-04 08:52:00 -0500},
	Date-Modified = {2020-09-04 08:57:37 -0500},
	Doi = {10.4028/www.scientific.net/msf.467-470.1057},
	Journal = {Materials Science Forum},
	Number = {1057--1062},
	Title = {Mesoscale Simulation of Grain Growth},
	Volume = {467--470},
	Year = {2004},
	Bdsk-Url-1 = {https://doi.org/10.4028/www.scientific.net/msf.467-470.1057}}

@article{FrontTrack3,
	Author = {F. Wakai and N. Enomoto and H. Ogawa},
	Date-Added = {2020-09-04 08:49:44 -0500},
	Date-Modified = {2020-09-04 08:50:32 -0500},
	Doi = {10.1016/S1359-6454(99)00405-X},
	Journal = {Acta Materialla},
	Pages = {1297--1311},
	Title = {Three-dimensional microstructural evolution in ideal grain growth---general statistics},
	Volume = {48},
	Year = {2000},
	Bdsk-Url-1 = {https://doi.org/10.1016/S1359-6454(99)00405-X}}

@article{FrontTrack2,
	Author = {H. J. Frost and C. V. Thompson and C. L. Howe and J. Whang},
	Date-Added = {2020-09-04 08:43:57 -0500},
	Date-Modified = {2020-09-04 08:45:24 -0500},
	Doi = {10.1016/S0036-9748(88)80307-7},
	Journal = {Scripta Metallurgica},
	Pages = {65--70},
	Title = {A two dimensional computer simulation of capillarity-driven grain growth: {P}reliminary results},
	Volume = {22},
	Year = {1988},
	Bdsk-Url-1 = {https://doi.org/10.1016/S0036-9748(88)80307-7}}

@article{FrontTrack1,
	Author = {H. J. Frost and C. V. Thompson and D. T. Walton},
	Date-Added = {2020-09-04 08:42:29 -0500},
	Date-Modified = {2020-09-04 08:43:16 -0500},
	Doi = {10.1016/0956-7151(90)90114-V},
	Journal = {Acta Metallugica et Materialia},
	Pages = {1455-1462},
	Title = {Simulation of thin film grain structures---{I}. Grain growth stagnation},
	Volume = {38},
	Year = {1990},
	Bdsk-Url-1 = {https://doi.org/10.1016/0956-7151(90)90114-V}}

@article{Monte5,
	Author = {Z. Yang and S. Sista and J. W. Elmer and T. Deb{R}oy},
	Date-Added = {2020-09-04 08:37:06 -0500},
	Date-Modified = {2020-09-04 08:38:31 -0500},
	Doi = {10.1016/S1359-6454(00)00279-2},
	Journal = {Acta Materialla},
	Pages = {4813--4825},
	Title = {Three dimensional Monte Carlo simulation of grain growth during GTA welding of titanium},
	Volume = {48},
	Year = {2000},
	Bdsk-Url-1 = {https://doi.org/10.1016/S1359-6454(00)00279-2}}

@article{Monte4,
	Author = {M. Upmanyu and G. N. Hassold and A. Kazaryan and E. A. Holm and Y. Wang and B. Patton and D. J. Srolovitz},
	Date-Added = {2020-09-04 08:35:47 -0500},
	Date-Modified = {2020-09-04 08:37:02 -0500},
	Doi = {10.1023/A:1015832431826},
	Journal = {Interface Science},
	Pages = {201--216},
	Title = {Boundary mobility and energy anisotropy effects on microstructural evolution during grain growth},
	Volume = {10},
	Year = {2002},
	Bdsk-Url-1 = {https://doi.org/10.1023/A:1015832431826}}

@article{Monte3,
	Author = {M. I. Mendelev and D. J. Srolovitz},
	Date-Added = {2020-09-04 08:34:24 -0500},
	Date-Modified = {2020-09-04 08:35:36 -0500},
	Doi = {10.1023/A:1015880314987},
	Journal = {Interface Science},
	Pages = {191--199},
	Title = {Co-segregation effects on boundary migration},
	Volume = {10},
	Year = {2002},
	Bdsk-Url-1 = {https://doi.org/10.1023/A:1015880314987}}

@article{Monte2,
	Author = {M. P. Anderson and G. S. Grest and D. J. Srolovitz},
	Date-Added = {2020-09-04 08:33:03 -0500},
	Date-Modified = {2020-09-04 08:34:15 -0500},
	Doi = {10.1080/13642818908220181},
	Journal = {Philosophical Magazine B},
	Pages = {293--329},
	Title = {Computer simulation of grain growth in three dimensions},
	Volume = {59},
	Year = {1989},
	Bdsk-Url-1 = {https://doi.org/10.1080/13642818908220181}}

@article{Monte1,
	Author = {M. P. Anderson and D. J. Srolovitz and G. S. Grest and P. S. Sahni},
	Date-Added = {2020-09-04 04:00:16 -0500},
	Date-Modified = {2020-09-04 04:01:46 -0500},
	Doi = {10.1016/0001-6160(84)90151-2},
	Journal = {Acta Metallurgica},
	Pages = {783--791},
	Title = {Computer simulation of grain growth {I}},
	Volume = {32},
	Year = {1958},
	Bdsk-Url-1 = {https://doi.org/10.1016/0001-6160(84)90151-2}}

@article{Miura,
	Author = {H. Miura and M. Kato and T. Mori},
	Date-Added = {2020-09-04 03:17:07 -0500},
	Date-Modified = {2020-09-04 03:18:36 -0500},
	Doi = {10.1007/BF02352916},
	Journal = {Journal of Material Science Letters},
	Pages = {46--48},
	Title = {Temperature dependence of the energy of Cu [110] symmetrical tilt grain boundaries},
	Volume = {13},
	Year = {1994},
	Bdsk-Url-1 = {https://doi.org/10.1007/BF02352916}}

@article{Gjostein,
	Author = {N. Gjostein and F. Rhines},
	Date-Added = {2020-09-04 03:15:02 -0500},
	Date-Modified = {2020-09-04 03:20:32 -0500},
	Doi = {10.1016/0001-6160(59)90198-1},
	Journal = {Acta Metallugica},
	Pages = {319--330},
	Title = {Absolution interfaction energies of [001] tilt and twist grain boundareis in copper},
	Volume = {7},
	Year = {1959},
	Bdsk-Url-1 = {https://doi.org/10.1016/0001-6160(59)90198-1}}

@article{addPrimaldual2,
	Author = {N. Komodakis and J. Pesquet},
	Date-Added = {2020-09-01 06:15:06 -0500},
	Date-Modified = {2020-09-01 06:16:23 -0500},
	Doi = {10.1109/MSP.2014.2377273},
	Journal = {IEEE Signal Processing Magazine},
	Pages = {31--54},
	Title = {Playing with Duality: An overview of recent {P}rimal-dual approaches for solving large-scale optimization problems},
	Volume = {32},
	Year = {2015},
	Bdsk-Url-1 = {https://doi.org/10.1109/MSP.2014.2377273}}

@article{addPrimaldual1,
	Author = {H. W. Kuhn},
	Date-Added = {2020-09-01 06:06:34 -0500},
	Date-Modified = {2020-09-01 06:07:26 -0500},
	Doi = {doi.org/10.1002/nav.3800020109},
	Journal = {Naval Research Logistics Quarterly},
	Pages = {83--97},
	Title = {The Hungarian method for the assignment problem},
	Volume = {2},
	Year = {1955},
	Bdsk-Url-1 = {https://doi.org/10.1002/nav.3800020109}}

@article{addPrimalDualExample1,
	Author = {S. Shalev-{S}hwartz and Y. Singer},
	Date-Added = {2020-09-01 06:02:17 -0500},
	Date-Modified = {2020-09-01 06:03:41 -0500},
	Doi = {10.1007/s10994-007-5014-x},
	Journal = {Machine Learning},
	Pages = {115--142},
	Title = {A primal-dual perspective of online learning algorithms},
	Volume = {69},
	Year = {2007},
	Bdsk-Url-1 = {https://doi.org/10.1007/s10994-007-5014-x}}

@article{addPrimalDualExample0,
	Author = {D. L. Donoho},
	Date-Added = {2020-09-01 05:53:58 -0500},
	Date-Modified = {2020-09-01 06:17:10 -0500},
	Doi = {10.1109/TIT.2006.871582},
	Journal = {{IEEE} Transactions on Information Theory},
	Pages = {1289--1306},
	Title = {Compressed Sensing},
	Volume = {52},
	Year = {2006},
	Bdsk-Url-1 = {https://doi.org/10.1109/TIT.2006.871582}}

@article{addPrimaldual0,
	Author = {M. J. D. Powell},
	Date-Added = {2020-09-01 05:29:48 -0500},
	Date-Modified = {2020-09-01 05:30:52 -0500},
	Doi = {10.1007/BF01588967},
	Journal = {Mathematical Programming},
	Pages = {224--248},
	Title = {Algorithms for nonlinear constraints that use lagrangian functions},
	Volume = {14},
	Year = {1978},
	Bdsk-Url-1 = {https://doi.org/10.1007/BF01588967}}

@book{addPrimaldualExample2,
	Address = {New York},
	Author = {P. L. Combettes and J.-C. Pesquet},
	Date-Added = {2020-09-01 04:36:14 -0500},
	Date-Modified = {2020-09-01 06:06:18 -0500},
	Doi = {10.1007/978-1-4419-9569-8_10},
	Journal = {Fixed-Point Algorithms for Inverse Problems in Science and Engineering},
	Publisher = {Springer},
	Series = {Springer Optimization and Its Applications},
	Title = {Proximal Splitting Methods in Signal Processing},
	Volume = {49},
	Year = {2011},
	Bdsk-Url-1 = {https://doi.org/10.1007/978-1-4419-9569-8_10}}

@book{Heap,
	Author = {R. Sedgewick and K. Wayne},
	Date-Added = {2020-08-30 03:11:44 -0500},
	Date-Modified = {2020-08-30 03:12:53 -0500},
	Publisher = {Addison-Wesley},
	Title = {Algorithms},
	Year = {2008}}

@article{MF3,
	Author = {I. Steinbach},
	Date-Added = {2020-08-29 16:37:31 -0500},
	Date-Modified = {2020-08-29 16:40:30 -0500},
	Doi = {10.1088/0965-0393/17/7/073001},
	Journal = {Modelling and Simulation in Materials Science and Engineering},
	Pages = {073001},
	Title = {Phase-field models in materials science},
	Volume = {17},
	Year = {2009},
	Bdsk-Url-1 = {https://doi.org/10.1088/0965-0393/17/7/073001}}

@article{MF2,
	Author = {T. Hirouchi and T. Tsuru and Y. Shibutani},
	Date-Added = {2020-08-29 16:33:21 -0500},
	Date-Modified = {2020-08-29 16:42:01 -0500},
	Journal = {Computational Materials Science},
	Pages = {474--482},
	Title = {Grain growth prediction with inclination dependence of [110] tilt grain boundary using multi-phase-field model with penalty for multiple junctions},
	Volume = {53},
	Year = {2012}}

@article{MF1,
	Author = {L.-Q. Chen},
	Date-Added = {2020-08-29 16:31:47 -0500},
	Date-Modified = {2020-08-29 16:33:14 -0500},
	Doi = {doi.org/10.1146/annurev.matsci.32.112001.132041},
	Journal = {Annual Review of Materials Research},
	Pages = {113--140},
	Title = {Phase-field models for microstructure evolution},
	Volume = {32},
	Year = {2002},
	Bdsk-Url-1 = {https://doi.org/10.1146/annurev.matsci.32.112001.132041}}

@article{AllenCahn,
	Author = {S. M. Allen and J. W. Cahn},
	Date-Added = {2020-08-28 09:51:17 -0500},
	Date-Modified = {2020-08-28 09:52:14 -0500},
	Doi = {10.1016/0001-6160(79)90196-2},
	Journal = {Acta Metallugica},
	Pages = {1085--1095},
	Title = {A microscopic theory for antiphase boundary motion and its application to antiphase domain coarsening},
	Volume = {27},
	Year = {1979},
	Bdsk-Url-1 = {https://doi.org/10.1016/0001-6160(79)90196-2}}

@article{MBO2,
	Author = {B. Merrian and J. K. Bence and S. J. Osher},
	Date-Added = {2020-08-27 21:46:06 -0500},
	Date-Modified = {2020-08-27 22:59:25 -0500},
	Doi = {10.1006/jcph.1994.1105},
	Journal = {Journal of Computational Physics},
	Pages = {334--363},
	Title = {Motion of multiple junctions: a level set approach},
	Volume = {112},
	Year = {1994},
	Bdsk-Url-1 = {https://doi.org/10.1006/jcph.1994.1105}}

@article{Hillert,
	Author = {M. Hillert},
	Date-Added = {2020-08-27 13:29:20 -0500},
	Date-Modified = {2020-08-27 13:30:30 -0500},
	Doi = {10.1016/0001-6160(65)90200-2},
	Journal = {Acta Metallugica},
	Pages = {227--238},
	Title = {On the theory of normal and abnormal grain growth},
	Volume = {13},
	Year = {1965},
	Bdsk-Url-1 = {https://doi.org/10.1016/0001-6160(65)90200-2}}

@book{Herring,
	Author = {C. Herring},
	Date-Added = {2020-08-27 01:36:44 -0500},
	Date-Modified = {2020-08-27 01:38:58 -0500},
	Doi = {10.1007/978-3-642-59938-5_2},
	Pages = {143--179},
	Publisher = {McGraw Hill},
	Title = {Surface Tension as a motivation for sintering},
	Year = {1951},
	Bdsk-Url-1 = {https://doi.org/10.1007/978-3-642-59938-5_2}}

@article{Read,
	Author = {W. T. Read and W. Shockley},
	Date-Added = {2020-08-23 22:01:15 -0500},
	Date-Modified = {2020-08-23 22:03:12 -0500},
	Doi = {10.1103/PhysRev.78.275},
	Journal = {Physical Review},
	Pages = {275},
	Title = {Dislocation Models of Crystal Grain Boundaries},
	Volume = {78},
	Year = {1950},
	Bdsk-Url-1 = {https://doi.org/10.1103/PhysRev.78.275}}

@article{Wolf:1990,
	Author = {D. Wolf},
	Date-Added = {2020-08-21 04:27:40 -0500},
	Date-Modified = {2020-08-21 04:28:51 -0500},
	Doi = {10.1016/0956-7151(90)90030-K},
	Journal = {Acta Metallugica et Materialia},
	Pages = {781--790},
	Title = {Structure-energy correlation for grain boundaries in {FCC} metals---{III}. {S}ymmetrical tilt boundaries},
	Volume = {38},
	Year = {1990},
	Bdsk-Url-1 = {https://doi.org/10.1016/0956-7151(90)90030-K}}

@article{Runnels:2016_1,
	Author = {B. Runnels and I. J. Beyerlein and S. Conti and M. Ortiz},
	Date-Added = {2020-08-21 04:14:06 -0500},
	Date-Modified = {2020-08-21 04:14:35 -0500},
	Doi = {10.1016/j.jmps.2016.01.008},
	Journal = {Journal of Mechanics and Physics of Solids},
	Pages = {174--193},
	Title = {An analytical model of interfacial energy based on a lattice-matching interatomic energy},
	Volume = {89},
	Year = {2016},
	Bdsk-Url-1 = {https://doi.org/10.1016/j.jmps.2016.01.008}}

@article{Dorr:2010,
	Author = {M. R. Dorr and J.-L. Fattebert and M. E. Wickett and J. F. Belak and P. E. A. Turchi},
	Date-Added = {2020-08-20 22:11:04 -0500},
	Date-Modified = {2020-08-20 22:13:14 -0500},
	Doi = {10.1016/j.jcp.2009.09.041},
	Journal = {Journal of Computational Physics},
	Pages = {626--641},
	Title = {A numerical algorithm for the solution of a phase-field model of polycrystalline materials},
	Volume = {229},
	Year = {2010},
	Bdsk-Url-1 = {https://doi.org/10.1016/j.jcp.2009.09.041}}

@article{Fenics,
	Author = {M. S. Alnaes and J. Blechta and J. Hake and A. Johansson and B. Kehlet and A. Logg and C. Richardson and J. Ring and M. E. Rognes and G. N. Wells},
	Date-Added = {2020-08-20 22:01:04 -0500},
	Date-Modified = {2020-08-20 22:02:54 -0500},
	Doi = {10.11588/ans.2015.100.20553},
	Journal = {Archive of Numerical Software},
	Title = {The {FEniCS} {P}roject {V}ersion 1.5},
	Volume = {3},
	Year = {2015},
	Bdsk-Url-1 = {https://doi.org/10.11588/ans.2015.100.20553}}

@article{KWC:2003,
	Author = {J. A. Warren and R. Kobayashi and A. E. Lobkovsky and W. C. Carter},
	Date-Added = {2020-08-20 19:29:57 -0500},
	Date-Modified = {2020-08-20 19:31:43 -0500},
	Doi = {10.1016/S1359-6454(03)00388-4},
	Journal = {Acta Materialla},
	Pages = {6035--6058},
	Title = {Extending phase field models of solidification to polycrystalline materials},
	Volume = {51},
	Year = {2003},
	Bdsk-Url-1 = {https://doi.org/10.1016/S1359-6454(03)00388-4}}

@article{Sethian,
	Author = {J. Sethian},
	Date-Added = {2020-08-20 19:22:08 -0500},
	Date-Modified = {2020-08-20 19:23:49 -0500},
	Doi = {10.1073/pnas.93.4.1591},
	Journal = {Proceedings of the National Academy of Sciences of the United States of America},
	Pages = {1591--1595},
	Title = {A Fast Marching Level Set Method for Monotonically Advancing Fronts},
	Volume = {93},
	Year = {1996},
	Bdsk-Url-1 = {https://doi.org/10.1073/pnas.93.4.1591}}

@article{Chambolle:2011,
	Author = {A. Chambolle and T. Pock},
	Date-Added = {2020-08-20 18:07:59 -0500},
	Date-Modified = {2020-08-20 22:09:01 -0500},
	Doi = {10.1007/s10851-010-0251-1},
	Journal = {Journal of Mathematical Imaging and Vision},
	Pages = {120--145},
	Title = {A First-Order {P}rimal-{D}ual Algorithm for Convex Problems with Applications to Imaging},
	Volume = {40},
	Year = {2011},
	Bdsk-Url-1 = {https://doi.org/10.1007/s10851-010-0251-1}}

@article{Jacobs:2019,
	Author = {M. Jacobs and F. Leger and W. Li and S. Osher},
	Date-Added = {2020-08-20 11:40:10 -0500},
	Date-Modified = {2020-08-20 11:48:32 -0500},
	Doi = {10.1137/18M118640X},
	Journal = {SIAM Journal on Numerical Analysis},
	Pages = {1100--1123},
	Title = {Solving large-scale optimization problems with a convergence rate independent of grid size},
	Volume = {57},
	Year = {2019},
	Bdsk-Url-1 = {https://doi.org/10.1137/18M118640X}}

@article{MBO,
	Author = {B. Merrian and J. K. Bence and S. J. Osher},
	Date-Added = {2020-08-20 11:36:25 -0500},
	Date-Modified = {2020-08-20 11:37:34 -0500},
	Journal = {Proceedings of the Computational Crystal Growers Workshop},
	Pages = {72--83},
	Title = {Diffusion generated motion by mean curvature},
	Year = {1992}}

@article{Esedoglu:2015,
	Author = {S. Esedo{\=g}lu and F. Otto},
	Date-Added = {2020-08-20 09:00:49 -0500},
	Date-Modified = {2020-08-20 18:16:50 -0500},
	Doi = {10.1002/cpa.2152},
	Journal = {Communications on Pure and Applied Mathematics},
	Pages = {808--864},
	Title = {Threshold Dynamics for Networks with Arbitrary Surface Tensions},
	Volume = {68},
	Year = {2015},
	Bdsk-Url-1 = {https://doi.org/10.1002/cpa.2152}}

@article{KWC:1998,
	Author = {R. Kobayashi and J. A. Warren and W. C. Carter},
	Date-Added = {2020-08-20 08:58:26 -0500},
	Date-Modified = {2020-08-20 08:59:26 -0500},
	Doi = {10.1016/S0167-2789(98)00026-8},
	Journal = {Physica D: Nonlinear Phenomena},
	Pages = {415--423},
	Title = {Vector-valued phase field model for crystallization and grain boundary formation},
	Volume = {119},
	Year = {1998},
	Bdsk-Url-1 = {https://doi.org/10.1016/S0167-2789(00)00023-3}}

@article{KWC:2000,
	Author = {R. Kobayashi and J. A. Warren and W. C. Carter},
	Date-Added = {2020-08-20 08:55:56 -0500},
	Date-Modified = {2020-08-20 08:57:43 -0500},
	Doi = {10.1016/S0167-2789(00)00023-3},
	Journal = {Physica D: Nonlinear Phenomena},
	Pages = {141--150},
	Title = {A continuum model of grain boundaries},
	Volume = {140},
	Year = {2000},
	Bdsk-Url-1 = {https://doi.org/10.1016/S0167-2789(00)00023-3}}

@article{Admal:2018,
	Author = {N. C. Admal and G. Po and J. Marian},
	Date-Added = {2020-08-20 08:37:51 -0500},
	Date-Modified = {2020-08-20 08:48:00 -0500},
	Doi = {10.1016/j.ijplas.2018.01.014},
	Journal = {International Journal of Plasticity},
	Pages = {1--30},
	Title = {A unified framework for polycrystal plasticity with grain boundary evolution},
	Volume = {106},
	Year = {2018},
	Bdsk-Url-1 = {https://doi.org/10.1016/j.ijplas.2018.01.014}}

@article{Admal:2019,
	Author = {N. C. Admal and J. Segurado and J. Marian},
	Date-Modified = {2020-08-20 08:38:03 -0500},
	Doi = {10.1016/j.jmps.2019.03.020},
	Journal = {Journal of the Mechanics and Physics of Solids},
	Pages = {32--53},
	Title = {A three-dimensional misorientation axis- and inclination-dependent Kobayashi--Warren--Carter grain boundary model},
	Volume = {128},
	Year = {2019},
	Bdsk-Url-1 = {https://doi.org/10.1016/j.jmps.2019.03.020}}

@article{Mullins,
	Author = {W. W. Mullins},
	Date-Modified = {2020-08-27 13:31:25 -0500},
	Doi = {10.1063/1.1722511},
	Journal = {Journal of Applied Physics},
	Pages = {900--904},
	Title = {Two-dimensional motion of idealized grain boundaries},
	Volume = {27},
	Year = {1956},
	Bdsk-Url-1 = {https://doi.org/10.1063/1.1722511}}

@article{Runnels:2016_2,
	Author = {B. Runnels and I. J. Beyerlein and S. Conti and M. Ortiz},
	Date-Modified = {2020-08-21 04:15:18 -0500},
	Doi = {10.1016/j.jmps.2015.11.007},
	Journal = {Journal of Mechanics and Physics of Solids},
	Pages = {388-408},
	Title = {A relaxation method for the energy and morphology of grain boundaries and interfaces},
	Volume = {94},
	Year = {2016},
	Bdsk-Url-1 = {https://doi.org/10.1016/j.jmps.2016.01.008}}

@article{KWC:2001,
	Author = {A. E. Lobkovsky and J. A. Warren},
	Date-Modified = {2020-08-20 08:54:08 -0500},
	Doi = {10.1103/PhysRevE.63.051605},
	Journal = {Physical Review E},
	Pages = {051605},
	Title = {Sharp interface limit of a phase-field model of crystal grains},
	Volume = {63},
	Year = {2001},
	Bdsk-Url-1 = {https://doi.org/10.1103/PhysRevE.63.051605}}
